/* https://dl.acm.org/doi/10.1145/3291280.3291786 */
@inproceedings{10.1145/3291280.3291786,
    author = {Jearanaiwongkul, Watanee and Anutariya, Chutiporn and Andres, Frederic},
    title = {An Ontology-Based Approach to Plant Disease Identification System},
    year = {2018},
    isbn = {9781450365680},
    publisher = {Association for Computing Machinery},
    address = {New York, NY, USA},
    url = {https://doi.org/10.1145/3291280.3291786},
    doi = {10.1145/3291280.3291786},
    booktitle = {Proceedings of the 10th International Conference on Advances in Information Technology},
    articleno = {20},
    numpages = {8},
    keywords = {Knowledge representation, Plant disease identification, Ontology},
    location = {Bangkok, Thailand},
    series = {IAIT 2018}
}

/* NCBI Taxonomy Database */
@article{NCBITaxon,
    author = {Federhen, Scott},
    title = "{The NCBI Taxonomy database}",
    journal = {Nucleic Acids Research},
    volume = {40},
    number = {D1},
    pages = {D136-D143},
    year = {2011},
    month = {12},
    issn = {0305-1048},
    doi = {10.1093/nar/gkr1178},
    url = {https://doi.org/10.1093/nar/gkr1178},
    eprint = {https://academic.oup.com/nar/article-pdf/40/D1/D136/9480848/gkr1178.pdf},
}

/* Diet composition - NatGeo */
@misc{NatGeo1,
    author = "{National Geographic}",
    title = "What The World Eats",
    year = "2021",
    howpublished = "\url{https://www.nationalgeographic.com/what-the-world-eats/}",
}

/* The plant ontology */
@online{plantontology,
    title = {Plant Ontology},
    url = {https://github.com/Planteome/plant-ontology},
    note = {also at \url{https://planteome.org/}}
}

/* Agriculture Thesaurus */
@online{agrovoc,
    title = {AGROVOC Thesaurus},
    url = {http://www.fao.org/agrovoc/}
}

@online{EPPO2023,
    title = {EPPO Global Database},
    year = {2023},
    howpublished = {available online},
    url = {https://gd.eppo.int}
}

@online{EPPO2023DS,
    title = {EPPO Data Services},
    howpublished = {available online},
    url = {https://data.eppo.int}
}

@online{ServizioFitosanitario,
    title = {Servizio fitosanitario nazionale},
    url = {https://www.protezionedellepiante.it}
}

@online{ServizioPiemontese,
    title = {Regione Piemonte - Servizi fitosanitari e PAN},
    url = {https:///www.regione.piemonte.it/web/temi/agricoltura/servizi-fitosanitari-pan}
}

@online{ServizioLombardo,
    title = {Regione Lombardia - Servizio fitosanitario regionale},
    url = {https://fitosanitario.regione.lombardia.it}
}
