
@misc{rdf_turtle,
	  title = {{RDF} 1.1 {Turtle}},
	  url = {https://www.w3.org/TR/turtle/},
	  author = {{Tim Berners-Lee} and {David Beckett} and {Gavin Carothers} and {Eric Prud'hommeaux}},
}

@misc{wiki_ontology,
	  title = {Ontologia (informatica)},
	  url = {https://it.wikipedia.org/wiki/Ontologia_(informatica)},
}

@book{csci493,
  author        = {Stewart Weiss},
  title         = {Lecture Notes on Parallel Computing},
  publisher     = {Department of Computer Science, Hunter College}
}

@book{par_comp_arch,
  author        = {David Culler, Jaswinder Pal Singh, Anoop Gupta},
  title         = {Parallel Computer Architecture: A Hardware/Software Approach},
  publisher     = {Morgan Kaufmann Publishers Inc.},
  isbn          = {9780080573076},
  year          = {1998}
}

@book{par_prog,
   title        = {Parallel programming: techniques and applications using networked workstations and parallel computers},
   author       = {Allen, C. Michael; Wilkinson, Barry},
   publisher    = {Pearson/Prentice Hall},
   isbn         = {0131405632,9780131405639},
   year         = {2004; 2005},
   edition      = {2nd ed},
}

@misc{cswitch,
	  title = {Crossbar Switch},
	  url = {https://en.wikipedia.org/wiki/Crossbar_switch},
}
