/*
 * Inserire quando si parla di sincronizzazione tra Kernels
 */
@INPROCEEDINGS{5537722,
  author={Feng, Wu-chun and Xiao, Shucai},
  booktitle={2010 IEEE International Symposium on Circuits and Systems (ISCAS)},
  title={To GPU synchronize or not GPU synchronize?},
  year={2010},
  volume={},
  number={},
  pages={3801-3804},
  doi={10.1109/ISCAS.2010.5537722}
}

/* PPSA */
@INPROCEEDINGS{9092429,
  author={Cesare, Valentina and Colonnelli, Iacopo and Aldinucci, Marco},
  booktitle={2020 28th Euromicro International Conference on Parallel,
      Distributed and Network-Based Processing (PDP)},
  title={Practical Parallelization of Scientific Applications},
  year={2020},
  volume={},
  number={},
  pages={376-384},
  doi={10.1109/PDP50117.2020.00064}
}

@misc{LBMRepo,
  author       = {Matteo Brunello},
  title        = {{cuLBM: A 2D GPU accelerated Lattice Boltzmann solver}},
  year         = 2022,
  version      = {0.1},
  url          = {https://github.com/ollenurb/cuLBM}
}


@misc{libsdl,
  title        = {{Simple DirectMedia Layer}},
  version      = {2.0.20},
  url          = {https://www.libsdl.org/}
}


/* Accesso coalescente in memoria */
@mastersthesis{Habich,
  author  = {Johannes Habich},
  title   = {Performance Evaluation of Numeric Compute Kernels on nVIDIA GPUs},
  school  = {Friedrich–Alexander University Erlangen–Nürnberg},
  year    = {2008},
}

@article{Tolke,
	doi = {10.1080/10618560802238275},
	url = {https://doi.org/10.1080%2F10618560802238275},
	year = 2008,
	month = {aug},
	publisher = {Informa {UK} Limited},
	volume = {22},
	number = {7},
	pages = {443--456},
	author = {J. Tölke and M. Krafczyk},
	title = {{TeraFLOP} computing on a desktop {PC} with {GPUs} for 3D {CFD}},
	journal = {International Journal of Computational Fluid Dynamics}
}
