
@misc{rdf_turtle,
	  title = {{RDF} 1.1 {Turtle}},
	  url = {https://www.w3.org/TR/turtle/},
	  author = {{Tim Berners-Lee} and {David Beckett} and {Gavin Carothers} and {Eric Prud'hommeaux}},
}

@misc{wiki_ontology,
	  title = {Ontologia (informatica)},
	  url = {https://it.wikipedia.org/wiki/Ontologia_(informatica)},
}

@misc{owl2_primer,
	  title = {OWL2 Primer},
	  url = {https://www.w3.org/TR/owl2-primer/},
}

-- SCPD
@book{csci493,
  author        = {Stewart Weiss},
  title         = {Lecture Notes on Parallel Computing},
  publisher     = {Department of Computer Science, Hunter College}
}


@book{par_comp_arch,
  author        = {David Culler, Jaswinder Pal Singh, Anoop Gupta},
  title         = {Parallel Computer Architecture: A Hardware/Software Approach},
  publisher     = {Morgan Kaufmann Publishers Inc.},
  isbn          = {9780080573076},
  year          = {1998}
}

@book{par_prog,
   title        = {Parallel programming: techniques and applications using networked workstations and parallel computers},
   author       = {Allen, C. Michael; Wilkinson, Barry},
   publisher    = {Pearson/Prentice Hall},
   isbn         = {0131405632,9780131405639},
   year         = {2004; 2005},
   edition      = {2nd ed},
}

@misc{cswitch,
	  title = {Crossbar Switch},
	  url = {https://en.wikipedia.org/wiki/Crossbar_switch},
}

@Inbook{intel_TBB,
    author="Robison, Arch D.",
    editor="Padua, David",
    title="IntelÂ® Threading Building Blocks (TBB)",
    bookTitle="Encyclopedia of Parallel Computing",
    year="2011",
    publisher="Springer US",
    address="Boston, MA",
    pages="955--964",
    isbn="978-0-387-09766-4",
    doi="10.1007/978-0-387-09766-4_51",
    url="https://doi.org/10.1007/978-0-387-09766-4_51"
}


-- AAUT
@book{flach_ml,
  title={Machine Learning: The Art and Science of Algorithms that Make Sense of Data},
  author={Flach, P.},
  isbn={9781107096394},
  lccn={2012289353},
  url={https://books.google.it/books?id=Ofp4h\_oXsZ4C},
  year={2012},
  publisher={Cambridge University Press}
}


-- BIOINF
@misc{molbio_central,
  	publisher=,
    title={{Central Dogma of Molecular Biology}},
    url={https://bio.libretexts.org/@go/page/6508},
    note={[Online; accessed 2021-07-22]},
    date={2021-03-06},
    year=2021,
    month=3,
    day=6,
}

